<?xml version="1.0" encoding="UTF-8"?><collection xmlns="http://www.loc.gov/MARC21/slim"><record><leader>00323nam--2200121-i-4500</leader><controlfield tag="001">000002680</controlfield><controlfield tag="002">20161230</controlfield><controlfield tag="005">20161230201025</controlfield><controlfield tag="008">060222s1000------------r-----000-0-eng-d</controlfield><datafield ind1=" " ind2=" " tag="100"><subfield code="a">Busbridge, I.W.And Kourganoff, V</subfield></datafield><datafield ind1=" " ind2=" " tag="245"><subfield code="a">Basic methods in transfer problems</subfield></datafield><datafield ind1=" " ind2=" " tag="260"><subfield code="a">Oxford, Clarendon Press, 1952</subfield></datafield><datafield ind1=" " ind2=" " tag="490"><subfield code="a">Xvi + 281 P</subfield></datafield></record></collection>